@article{2017MobileNets,
  title={MobileNets: Efficient Convolutional Neural Networks for Mobile Vision Applications},
  author={ Howard, Andrew G  and  Zhu, Menglong  and  Chen, Bo  and  Kalenichenko, Dmitry  and  Wang, Weijun  and  Weyand, Tobias  and  Andreetto, Marco  and  Adam, Hartwig },
  year={2017},
}
@article{2014Rigid,
	title={Rigid-Motion Scattering for Texture Classification},
	author={ Sifre, Laurent  and Mallat, Stéphane},
	journal={Computer ence},
	volume={3559},
	pages={501-515},
	year={2014},
}
@article{2015Batch,
	title={Batch Normalization: Accelerating Deep Network Training by Reducing Internal Covariate Shift},
	author={ Ioffe, Sergey  and  Szegedy, Christian },
	year={2015},
}
@article{2014Flattened,
	title={Flattened Convolutional Neural Networks for Feedforward Acceleration},
	author={ Jin, Jonghoon  and  Dundar, Aysegul  and  Culurciello, Eugenio },
	journal={Computer Science},
	year={2014},
}
@article{2016Xception,
	title={Xception: Deep Learning with Depthwise Separable Convolutions},
	author={ Chollet, Franois },
	year={2016},
}
@article{DBLP:journals/corr/IandolaMAHDK16,
	author    = {Forrest N. Iandola and
	Matthew W. Moskewicz and
	Khalid Ashraf and
	Song Han and
	William J. Dally and
	Kurt Keutzer},
	title     = {SqueezeNet: AlexNet-level accuracy with 50x fewer parameters and {\textless}1MB
	model size},
	journal   = {CoRR},
	volume    = {abs/1602.07360},
	year      = {2016},
	url       = {http://arxiv.org/abs/1602.07360},
	archivePrefix = {arXiv},
	eprint    = {1602.07360},
	timestamp = {Mon, 13 Aug 2018 16:46:12 +0200},
	biburl    = {https://dblp.org/rec/journals/corr/IandolaMAHDK16.bib},
	bibsource = {dblp computer science bibliography, https://dblp.org}
}

@article{2015Structured,
	title={Structured Transforms for Small-Footprint Deep Learning},
	author={ Sindhwani, Vikas  and  Sainath, Tara N  and  Kumar, Sanjiv },
	year={2015},
}

@article{2015Deep,
	title={Deep Fried Convnets},
	author={ Yang, Zichao  and  Moczulski, Marcin  and  Denil, Misha  and  De Freitas, Nando  and  Smola, Alex  and  Song, Le  and  Wang, Ziyu },
	journal={Computer Science},
	year={2015},
}

@inproceedings{36,
	title={Quantized Convolutional Neural Networks for Mobile Devices},
	author={ Wu, Jiaxiang  and  Leng, Cong  and  Wang, Yuhang  and  Hu, Qinghao  and  Cheng, Jian },
	booktitle={2016 IEEE Conference on Computer Vision and Pattern Recognition (CVPR)},
	year={2016},
}
@article{2,
	title={Compressing Neural Networks with the Hashing Trick},
	author={Chen, Wenlin and Wilson, James T and Tyree, Stephen and Weinberger, Kilian Q and Chen, Yixin},
	journal={Computer Science},
	pages={2285-2294},
	year={2015},
}
@inproceedings{5,
	title={Deep Compression: Compressing Deep Neural Networks with Pruning, Trained Quantization and Huffman Coding},
	author={ Han, Song  and  Mao, Huizi  and  Dally, William J },
	booktitle={ICLR},
	year={2016},
}
@article{14,
	title={Speeding up Convolutional Neural Networks with Low Rank Expansions},
	author={ Jaderberg, Max  and  Vedaldi, Andrea  and  Zisserman, Andrew },
	journal={Computer ence},
	volume={4},
	number={4},
	pages={XIII},
	year={2014},
}

@article{20,
	title={Speeding-up Convolutional Neural Networks Using Fine-tuned CP-Decomposition},
	author={ Lebedev, Vadim  and  Ganin, Yaroslav  and  Rakhuba, Maksim  and  Oseledets, Ivan  and  Lempitsky, Victor },
	journal={Computer ence},
	year={2014},
}
@article{9,
	title={Distilling the Knowledge in a Neural Network},
	author={ Hinton, Geoffrey  and  Vinyals, Oriol  and  Dean, Jeff },
	journal={Computer ence},
	volume={14},
	number={7},
	pages={38-39},
	year={2015},
}

@article{4,
	title={Training deep neural networks with low precision multiplications},
	author={ Courbariaux, Matthieu  and  Bengio, Yoshua  and  David, Jean Pierre },
	journal={Computer ence},
	year={2014},
}

@article{11,
	title={Quantized Neural Networks: Training Neural Networks with Low Precision Weights and Activations},
	author={ Hubara, Itay  and  Courbariaux, Matthieu  and  Soudry, Daniel  and  El-Yaniv, Ran  and  Bengio, Yoshua },
	journal={Journal of Machine Learning Research},
	volume={18},
	year={2016},
}

@article{22,
	title={XNOR-Net: ImageNet Classification Using Binary Convolutional Neural Networks},
	author={ Rastegari, Mohammad  and  Ordonez, Vicente  and  Redmon, Joseph  and  Farhadi, Ali },
	year={2016},
}

@article{23,
	title={Faster R-CNN: Towards Real-Time Object Detection with Region Proposal Networks},
	author={ Ren, Shaoqing  and  He, Kaiming  and  Girshick, Ross  and  Sun, Jian },
	journal={IEEE Transactions on Pattern Analysis \& Machine Intelligence},
	volume={39},
	number={6},
	pages={1137-1149},
	year={2017},
}

@article{21,
	title={SSD: Single Shot MultiBox Detector},
	author={ Liu, Wei  and  Anguelov, Dragomir  and  Erhan, Dumitru  and  Szegedy, Christian  and  Reed, Scott  and  Fu, Cheng Yang  and  Berg, Alexander C },
	year={2016},
}

@article{13,
	title={Batch Normalization: Accelerating Deep Network Training by Reducing Internal Covariate Shift},
	author={ Ioffe, Sergey  and  Szegedy, Christian },
	year={2015},
}

@article{MOBV2,
	author    = {Mark Sandler and
	Andrew G. Howard and
	Menglong Zhu and
	Andrey Zhmoginov and
	Liang{-}Chieh Chen},
	title     = {Inverted Residuals and Linear Bottlenecks: Mobile Networks for Classification,
	Detection and Segmentation},
	journal   = {CoRR},
	volume    = {abs/1801.04381},
	year      = {2018},
	url       = {http://arxiv.org/abs/1801.04381},
	archivePrefix = {arXiv},
	eprint    = {1801.04381},
	timestamp = {Mon, 13 Aug 2018 16:48:30 +0200},
	biburl    = {https://dblp.org/rec/journals/corr/abs-1801-04381.bib},
	bibsource = {dblp computer science bibliography, https://dblp.org}
}

@inproceedings{resnet,
	title={Deep Residual Learning for Image Recognition},
	author={ He, Kaiming  and  Zhang, Xiangyu  and  Ren, Shaoqing  and  Sun, Jian },
	booktitle={IEEE Conference on Computer Vision \& Pattern Recognition},
	year={2016},
}

@inproceedings{renet2,
	title={Aggregated Residual Transformations for Deep Neural Networks},
	author={ Xie, Saining  and  Girshick, Ross  and Dollár, Piotr and  Tu, Zhuowen  and  He, Kaiming },
	booktitle={2017 IEEE Conference on Computer Vision and Pattern Recognition (CVPR)},
	year={2017},
}

@article{ShuffleNet,
	title={ShuffleNet: An Extremely Efficient Convolutional Neural Network for Mobile Devices},
	author={ Zhang, Xiangyu  and  Zhou, Xinyu  and  Lin, Mengxiao  and  Sun, Jian },
	year={2017},
}
@article{ShuffleNet2,
	title={ShuffleNet V2: Practical Guidelines for Efficient CNN Architecture Design},
	author={ Ma, Ningning  and  Zhang, Xiangyu  and  Zheng, Hai Tao  and  Sun, Jian },
	year={2018},
}
@article{NasNet,
	title={Neural Architecture Search with Reinforcement Learning},
	author={ Zoph, Barret  and  Le, Quoc V. },
	year={2016},
}
@inproceedings{YOLO9000,
	title={YOLO9000: Better, Faster, Stronger},
	author={ Redmon, Joseph  and  Farhadi, Ali },
	booktitle={IEEE Conference on Computer Vision \& Pattern Recognition},
	pages={6517-6525},
	year={2017},
}
@article{MobV3,
	title={Searching for MobileNetV3},
	author={ Howard, Andrew  and  Sandler, Mark  and  Chu, Grace  and  Chen, Liang Chieh  and  Chen, Bo  and  Tan, Mingxing  and  Wang, Weijun  and  Zhu, Yukun  and  Pang, Ruoming  and  Vasudevan, Vijay  and },
	year={2019},
}
@article{NetAdapt,
	title={NetAdapt: Platform-Aware Neural Network Adaptation for Mobile Applications},
	author={ Yang, Tien Ju  and  Howard, Andrew  and  Chen, Bo  and  Zhang, Xiao  and  Go, Alec  and  Sze, Vivienne  and  Adam, Hartwig },
	year={2018},
}
@article{MnasNet,
	author    = {Mingxing Tan and
	Bo Chen and
	Ruoming Pang and
	Vijay Vasudevan and
	Quoc V. Le},
	title     = {MnasNet: Platform-Aware Neural Architecture Search for Mobile},
	journal   = {CoRR},
	volume    = {abs/1807.11626},
	year      = {2018},
	url       = {http://arxiv.org/abs/1807.11626},
	archivePrefix = {arXiv},
	eprint    = {1807.11626},
	timestamp = {Mon, 13 Aug 2018 16:46:25 +0200},
	biburl    = {https://dblp.org/rec/journals/corr/abs-1807-11626.bib},
	bibsource = {dblp computer science bibliography, https://dblp.org}
}

@article{2018Sigmoid,
	title={Sigmoid-weighted linear units for neural network function approximation in reinforcement learning},
	author={ Elfwing, Stefan  and  Uchibe, Eiji  and  Doya, Kenji },
	journal={Neural Netw},
	year={2018},
}
@article{2016Bridging,
	title={Bridging Nonlinearities and Stochastic Regularizers with Gaussian Error Linear Units},
	author={ Hendrycks, Dan  and  Gimpel, Kevin },
	year={2016},
}

@article{2019hard-swish,
	title={Semantic segmentation of satellite images using a modified cnn with hard-swish acti-vation function},
	author={ R. Avenash and P. Vishawanth},
	year={2019},
}
@article{COCO,
	title={Microsoft COCO: Common Objects in Context},
	author={Lin, Tsung Yi and Maire, Michael and Belongie, Serge and Hays, James and Zitnick, C. Lawrence},
	year={2014},
}
@article{VOC2007,
	title={The PASCAL Visual Object Classes Challenge 2007 (VOC2007) Development Kit},
	author={ Everingham, Mark  and  Winn, John },
	journal={International Journal of Computer Vision},
	volume={111},
	number={1},
	pages={98-136},
	year={2006},
}

@inproceedings{YOLSE,
	title={YOLSE: Egocentric Fingertip Detection from Single RGB Images},
	author={ Wu, Wenbin  and  Li, Chenyang  and  Cheng, Zhuo  and  Zhang, Xin  and  Jin, Lianwen },
	booktitle={IEEE International Conference on Computer Vision Workshop},
	year={2018},
}