@article{石弘一2018机器学习综述,
  title={机器学习综述},
  author={石弘一},
  journal={通讯世界},
  volume={341},
  number={10},
  pages={259-260},
  year={2018},
}
@inproceedings{hara3dcnns,
	author={Kensho Hara and Hirokatsu Kataoka and Yutaka Satoh},
	title={Can Spatiotemporal 3D CNNs Retrace the History of 2D CNNs and ImageNet?},
	booktitle={Proceedings of the IEEE Conference on Computer Vision and Pattern Recognition (CVPR)},
	pages={6546--6555},
	year={2018},
}